2758 4654
119 161 198 228 158·
476 157 538 222 DE
573 157 718 223 LUDIS
750 157 957 224 PYTHIIS.

116 331 276 435 quenniis
295 329 438 431 singulis
458 345 684 406 recurrerent.
737 333 907 407 Nonnulli
932 333 1152 424 arbitrantur,
1170 336 1295 436 abipso

117 464 297 562 serpente,
328 461 387 560 qui
413 476 529 536 custos
555 459 659 534 luerit
676 461 831 550 Oraculi,
858 461 964 534 etiam
993 461 1170 533 institutos
1195 462 1300 535 ludos.

118 587 410 686 Inhisponcratio
421 600 457 658 et
469 584 689 684 quinquertio
706 579 861 683 primirm
871 611 946 657 sese
956 601 1203 672 exercuerunt;
1228 589 1301 685 quio

117 714 211 787 fama
224 725 289 800 est,
306 711 420 808 primi
433 687 663 807 Pythiade,lh
681 715 749 807 qud
766 714 942 784 certdrunt
959 709 1031 798 Dii,
1046 708 1169 784 vicisse
1187 713 1302 784 Casto-

118 864 194 911 rem
229 835 354 923 stadio,
389 835 570 907 Pollucem
603 835 771 933 pugilatu,
807 860 910 907 cursu
953 835 1100 926 Calaim,
1134 853 1303 910 annatum

118 963 241 1050 Zeten,
259 961 355 1034 disco
374 964 530 1053 Peleum,
548 963 643 1035 lucta
653 963 899 1049 Telamonem,
915 961 1092 1059 pancratio
1108 964 1302 1050 Herculem,

117 1086 189 1183 qui,
211 1109 275 1182 pro
301 1085 458 1182 praemio,
475 1087 629 1159 lauream
657 1110 822 1158 coronam
849 1087 892 1158 ab
908 1085 1071 1183 Apolline
1088 1101 1302 1184 accepemnt.

117 1209 267 1298 Deinde,
285 1212 460 1310 quadrigis
479 1211 643 1310 exceptis,
670 1211 790 1284 omnia
806 1190 884 1308 qube
900 1209 937 1280 in
955 1211 1149 1309 Olympicis
1165 1211 1304 1284 oderant

34 1337 37 1346 ⁴
116 1333 327 1406 athletarum
345 1335 470 1424 studia,
488 1334 525 1406 in
550 1335 627 1408 haec
653 1334 844 1408 certamina
875 1347 1012 1432 recepta
1039 1348 1141 1419 sunt;
1168 1335 1303 1406 tandem

116 1455 222 1528 etiam
232 1456 420 1554 quadrigae.
472 1457 673 1532 Victoribus
686 1483 759 1530 non
772 1482 909 1560 semper
923 1456 1045 1530 eadem
1060 1459 1141 1531 data
1152 1461 1301 1557 praemia.

118 1583 225 1673 Nam,
248 1597 329 1656 ante
351 1583 500 1674 laurum,
530 1583 683 1658 aesculea‘
699 1581 792 1658 frons
822 1582 978 1672 dabatur,
1004 1597 1044 1656 ut
1059 1585 1134 1659 vult
1151 1587 1302 1676 Ovidius,

119 1709 150 1782 l.
165 1709 315 1782 Metam.

314 1871 373 1932 Hic
377 1852 517 1950 juvenum
531 1874 689 1954 quicunque
701 1893 787 1938 nunu
799 1873 946 1951 pedibusue
958 1871 1055 1934 rotdve

315 1966 440 2037 Vicerat,
456 1969 585 2028 oesculeoe
598 1969 724 2045 capiebat
728 1968 845 2044 frondis
859 1967 985 2026 bonorem
995 1994 1005 2026 .-

230 2135 235 2156 ἱ
267 2115 271 2128 ,
313 2062 445 2122 Nondum
458 2065 556 2124 lourus
569 2075 758 2124 erat-—

115 2203 244 2308 Thesei
276 2199 358 2275 verb
393 2203 609 2301 temporibus
642 2202 717 2274 haec
738 2214 812 2274 erat
844 2199 1073 2287 consuetudo,
1103 2211 1144 2270 ut
1164 2199 1301 2272 victores

116 2332 233 2433 palmi
250 2321 509 2403 coronarentur.
557 2325 784 2424 Eurylochus,
799 2326 975 2409 debellatis
987 2326 1165 2416 Cirrhaeis,
1183 2328 1303 2400 consti-

115 2469 182 2543 tuit
198 2468 385 2566 praemium
401 2468 640 2568 pecuniarum.
694 2467 858 2540 Graecum
872 2464 1100 2562 Epigramma
1108 2457 1213 2560 μῆλα
1221 2487 1302 2561 prae-

115 2596 230 2671 mium
245 2592 350 2666 fuisse
367 2594 500 2668 asserit.
554 2593 640 2666 Haec
654 2592 697 2666 de
712 2591 842 2688 Pythiis
855 2593 1168 2690 paucapraemitto.
1218 2591 1301 2664 Vide

117 2724 161 2796 de
181 2723 236 2794 his
263 2721 426 2796 Natalem
453 2720 642 2794 Comitem.
695 2717 860 2814 Quinque
887 2716 1026 2790 luenmt
1055 2731 1170 2815 partes
1200 2728 1302 2789 certa·

108 2858 234 2946 minis,
264 2869 406 2930 auctore
440 2855 627 2927 Strabone:
662 2841 875 2950 trungowe,
890 2850 1115 2948 praelatum,-
1150 2835 1301 2948 ἔμπειρα,

109 2996 226 3091 primo
241 2992 462 3089 experientim
500 2973 804 3086 κατακελεᾳσμός,
823 2986 953 3084 species
980 2987 1142 3082 quaedam
1170 2981 1302 3070 cantds3

109 3113 260 3224 ’Ίαμὲος
287 3113 348 3194 noti
373 3115 583 3204 Δάκτυλοςς
617 3137 785 3222 praeterea
817 3109 994 3222 memo,
1031 3123 1157 3221 quibus
1191 3122 1302 3197 bestiae

117 3251 320 3339 deficientis,
344 3263 381 3322 et
402 3249 446 3322 ad
475 3263 630 3324 extrema
663 3249 762 3322 sibila
783 3247 966 3322 moriendo
996 3273 1033 3326 se
1063 3247 1302 3333 convertentis,

115 3378 264 3476 languor-
275 3374 542 3473 exprimebatur.
575 3371 692 3449 ⁴Pauli>
706 3375 804 3448 aliter
819 3387 933 3474 partes
951 3373 1171 3446 constituunt
1186 3373 1303 3446 Graeco

117 3509 269 3588 S'cholia.
322 3509 477 3582 Primam
507 3505 622 3610 ortigas
640 3509 783 3600 ¹vocant,
809 3511 878 3608 qud
898 3507 1094 3607 periculum
1110 3504 1303 3580 certaminis

117 3662 198 3709 cum
213 3636 381 3734 serpente
398 3634 513 3707 fiebat.
557 3649 593 3708 2.
613 3635 787 3724 lambum,
796 3646 938 3732 propter
951 3633 1119 3724 convicia,
1133 3657 1213 3732 quae
1228 3643 1303 3706 ante

117 3773 292 3833 certarnen
310 3760 438 3860 Apollo
454 3761 608 3859 pertulit.
661 3773 697 3833 3.
715 3761 915 3859 Dactylum‚
930 3771 1073 3858 propter
1085 3759 1301 3859 Dionysium,

116 3891 177 3990 qui
209 3895 341 3990 primus
365 3896 518 3969 Oraculo
552 3893 698 3994 proefirit.
749 3909 787 3969 4.
817 3882 978 3998 κριτικὸν,
1004 3911 1147 3995 propter
1170 3897 1301 3970 Jovem.

117 4037 153 4098 5.
178 4023 350 4127 praepos.
368 4045 508 4130 propter
533 4045 683 4104 terram:
718 4031 820 4128 hujus
850 4031 945 4106 enim
976 4031 1088 4106 luerat
1115 4028 1301 4104 oraculum.

116 4157 154 4233 6.
179 4149 351 4261 σύριγμα,
368 4179 508 4265 propter
537 4167 714 4267 Serpentis
732 4167 883 4246 sibilum.
957 4255 961 4265 ,

368 4289 408 4306 ”
529 4273 533 4277 ’
653 4300 656 4308 ’
720 4303 722 4312 ’
928 4287 931 4296 ’
1042 4271 1251 4348 Baurnror.
