2754 4652
429 883 793 958 *nte-Ia.
919 925 924 932 ·

579 1098 659 1175 Εἶδος
678 1099 711 1164 δ’.
824 1055 826 1058 Ι

229 1302 630 1414 ΑΡΚΕΣΙΛΑῼ
687 1299 1066 1411 ΚΥΡΗΝΑΙῼ,

570 1519 715 1606 Ἅρμα..
779 1493 782 1500 ’
867 1547 870 1554 .

511 1999 794 2076 aucuuuuruur.

53 2136 85 2194 lu
98 2131 246 2206 Arcesilai,
268 2135 340 2213 regie
360 2135 498 2212 Cyrenen,
514 2136 654 2197 honorem
673 2157 789 2198 carmen
806 2157 836 2196 ac
848 2137 964 2216 aggredi
983 2133 1133 2216 profereus,
1148 2134 1255 2208 atatim,
1333 2200 1340 2226 „

45 2273 47 2279 ·
104 2232 234 2310 cyrene·
253 2233 399 2290 mentione
419 2231 504 2303 laem,
532 2236 611 2310 quari
640 2236 758 2294 nurnine
777 2233 897 2303 afflatus,
928 2233 965 2292 ad
988 2233 1112 2310 origines
1134 2227 1255 2288 coloniae

102 2327 292 2406 progreditur,
305 2337 335 2386 ct
344 2327 461 2388 Medeae
468 2330 631 2390 vaticinium
641 2340 781 2390 memorat
789 2330 953 2408 Euphemo,
966 2329 1015 2388 uni
1025 2345 1062 2387 ex
1072 2326 1255 2405 Argonautis,

102 2429 293 2499 datum—94.
307 2421 456 2502 subjuncta
466 2428 552 2487 aimul
562 2427 955 2506 interpretationeexoraculo
963 2423 1084 2505 Delphis
1093 2427 1179 2485 Batto
1188 2425 1257 2484 dato

104 2521 140 2580 de
149 2519 262 2580 colonia
273 2519 302 2576 iu
316 2519 438 2597 Libyam
450 2521 727 2582 deducendo—118.
756 2522 829 2582 Inde
842 2521 968 2580 fabulam
979 2521 1015 2580 de
1025 2521 1255 2597 Argonautarum
1276 2584 1278 2590 s

102 2615 280 2696 profectione
287 2618 396 2678 orditur
400 2625 522 2694 3-438.
535 2620 596 2689 ubi,
608 2621 701 2678 occiso
712 2619 833 2678 dracoue
842 2626 872 2678 et
880 2617 984 2679 vellere
993 2625 1168 2694 recuperato,
1189 2615 1257 2674 reli-
1286 2603 1289 2614 ’

102 2733 158 2792 qua
166 2715 300 2773 breuibus
312 2714 511 2794 complectitur
523 2714 560 2773 ad
572 2716 640 2786 467.
661 2715 735 2774 Inde
744 2717 820 2774 bona
832 2715 940 2775 monita
953 2711 1107 2791 subjungit.
1128 2713 1181 2772 Est
1193 2729 1254 2771 car-

103 2827 171 2868 men
181 2806 263 2867 sclito
270 2807 391 2887 lougius,
402 2808 530 2868 fabulam
538 2819 706 2886 argumento
714 2809 1157 2888 aubeterneua,quaeadorigiuem
1164 2809 1256 2886 gentis

103 2903 297 2972 Battiadamm
308 2901 441 2982 preclare
449 2905 663 2964 accommodata
671 2915 724 2974 eat,
733 2913 763 2962 et
772 2901 808 2962 ad
818 2903 873 2962 huc
880 2901 1029 2962 consilium
1037 2902 1122 2962 uuicd
1129 2912 1255 2981 spectare

103 2997 225 3055 videtur.
266 2997 402 3056 Carmina
414 2997 551 3076 longiora,
570 2999 599 3056 in
612 2999 715 3074 quibua
728 2997 825 3075 Mythi
837 3007 1056 3076 exponerentur,
1070 2999 1151 3057 suere
1163 2997 1255 3076 plura,

103 3089 230 3166 inprimis
241 3088 390 3148 Stesichori
394 3135 401 3148 .
436 3089 570 3168 subjecta
583 3100 710 3154 autema
719 3091 788 3164 467.
802 3093 875 3150 bona
888 3091 1003 3150 coucilia
1015 3103 1045 3150 et
1058 3092 1166 3150 monita
1178 3091 1257 3150 haud

102 3186 230 3264 perdura
240 3185 339 3244 natura
351 3181 482 3245 carminis
495 3185 574 3265 lyrici
584 3185 735 3260 recedunt,
752 3203 804 3245 uec
814 3185 946 3245 satisfacit
960 3188 1028 3245 ratio
1037 3189 1088 3246 viri
1097 3187 1173 3244 docti
1187 3185 1257 3246 alio-

103 3279 154 3358 qui
167 3279 320 3356 ingeuicaa,
335 3285 392 3361 qud
400 3301 515 3343 carmen
525 3287 563 3344 ita
576 3281 715 3355 defendit,
729 3292 762 3342 ut
770 3283 936 3362 Damophili
950 3301 1068 3362 perrona
1077 3293 1258 3360 comparetur

103 3375 300 3446 cumJaaone,
321 3386 351 3436 et
364 3375 401 3436 ad
414 3377 491 3437 hunc
511 3395 624 3437 summa
643 3377 775 3438 carminis
787 3377 938 3451 referatur,
960 3395 1026 3436 earn
1046 3375 1149 3438 refellit
1163 3383 1257 3436 totum

105 3471 236 3528 carminis
257 3481 459 3550 argumentum
477 3481 507 3532 et
519 3473 668 3533 consilium
688 3474 725 3532 ad
738 3473 916 3533 Arcesilaum
936 3483 1074 3552 spectans.
1107 3471 1259 3534 sintvere

104 3561 206 3624 cimilia
219 3567 353 3642 carmina,
367 3566 485 3646 adjectio
499 3565 648 3630 rubrinem
662 3569 787 3646 monitio,
803 3567 886 3648 Pyth.
899 3566 925 3630 1.
939 3569 980 3632 11.
