2882 4642
409 707 482 782 DE
508 705 787 784 OLYMPlClS
812 709 978 787 LUDIS.

598 887 806 926 ...q-..—

139 1013 346 1087 urrann
380 1011 494 1104 Lmu,
532 1013 570 1087 in
604 1013 746 1090 Graecit
780 1014 1013 1104 celeberrimi,
1047 1011 1091 1088 ab
1125 1011 1294 1115 Olympirt
1409 1023 1411 1118 g

92 1142 204 1219 Elidis
244 1146 334 1220 urbe
372 1169 508 1221 nomen
546 1147 704 1235 habent;
748 1149 917 1250 Olympia
953 1174 975 1221 a
1011 1147 1130 1222 vicino
1165 1157 1293 1222 monte
1410 1127 1412 1208 ἕ

90 1281 272 1381 Olympo;
299 1307 381 1379 quae
406 1294 444 1356 et
469 1281 561 1372 Pisa,
591 1283 774 1383 Stephano
791 1271 949 1374 auctoress
967 1282 1173 1382 appellatur.
1225 1281 1294 1356 Vel

93 1411 139 1483 sic
161 1411 252 1485 dicti
274 1422 373 1502 sunt,
389 1411 486 1511 quod
508 1413 546 1484 in
568 1412 668 1486 Jovis
696 1381 855 1512 Oly'mpii
872 1417 1048 1516 honorem
1066 1414 1110 1487 ab
1133 1411 1293 1487 Hercule

91 1541 246 1616 instituti
265 1542 427 1617 luissent.
479 1544 532 1616 Hi
548 1543 621 1617 ludi
635 1541 905 1619 celebrabantur
918 1545 955 1617 in
969 1544 1149 1643 Olympiis,
1164 1545 1293 1642 quinto

90 1700 232 1774 quoque
259 1703 370 1769 anno,
396 1681 492 1753 unde
510 1669 719 1778 Ὀλυμπιὰς
748 1705 812 1780 pro
835 1683 952 1769 lustro,
979 1703 1041 1752 seu
1067 1679 1293 1776 quinquennio

93 1823 294 1909 usurpatur.
337 1814 480 1888 Scholia
493 1815 634 1905 Graeca,
652 1825 690 1889 et
708 1816 783 1914 ipse
796 1815 970 1889 Pindarus
987 1811 1048 1885 Ol.
1063 1812 1111 1885 ll.
1131 1811 1292 1884 referunt
1354 1823 1361 1854 ‘

91 1939 355 2020 iustitutionem
386 1947 480 2020 hanc
506 1945 672 2022 ludorum
703 1929 977 2047 Olympicorum
1009 1945 1053 2019 ad
1079 1944 1289 2018 Herculem.

90 2071 174 2146 ltem
200 2076 276 2149 Od.
297 2101 336 2150 x.
361 2079 520 2174 ejusdem
544 2079 636 2153 libri.
688 2076 1138 2169 ltemStrab0,1ib.v111.
1190 2073 1299 2150 Her-¹

92 2205 191 2297 cules,
218 2208 271 2282 ob
289 2219 455 2308 negatam
473 2211 539 2284 sibi
564 2209 763 2283 mercedem
785 2210 830 2283 ab
847 2209 974 2308 Auged
995 2208 1167 2282 Eleorum
1193 2200 1310 2314 rege,'
1422 2299 1423 2318 χ

91 2341 236 2453 collecti
255 2343 458 2418 vicinorum
486 2369 607 2435 manu,
631 2343 773 2419 Elidem
800 2345 939 2433 invasit,
961 2343 1123 2441 Augeam
1146 2345 1289 2436 occidit,

90 2483 123 2544 et
137 2473 448 2549 commilitonibus
474 2474 701 2574 gratitudinis
727 2499 814 2574 ergo
840 2472 942 2547 ludos
960 2472 1120 2571 publicos
1137 2477 1288 2573 aperuit,

90 2627 128 2677 ex
143 2607 267 2706 spoliis
286 2607 434 2704 praemia
450 2632 665 2706 proponens.
717 2608 773 2681 Ita
789 2617 909 2682 autem
928 2607 1097 2696 instituit,
1115 2617 1157 2680 ut
1182 2608 1288 2706 plene

90 2735 186 2812 tuns
215 2749 487 2837 peragerentur.
539 2739 689 2813 Initium
720 2749 797 2812 erat
825 2737 1017 2812 undecimo
1043 2738 1100 2810 die
1127 2741 1286 2827 mensis;

90 2895 125 2941 ac
140 2895 202 2968 per
215 2871 298 2944 dies
314 2883 469 2970 quatuor
485 2872 681 2946 certamina
696 2879 799 2944 erant
816 2870 854 2941 in
875 2869 975 2942 omni
990 2893 1125 2966 genere
1140 2873 1285 2962 artium,

89 3002 284 3096 presertim
320 3001 358 3074 in
391 3001 524 3092 Cursu,
557 3001 686 3092 Luctfi,
720 2969 834 3088 Saltu,
866 2998 993 3088 Disco,
1027 2999 1283 3097 Quinquertio.

88 3129 333 3207 Conveniebat
348 3133 393 3206 ad
408 3157 451 3206 ea
467 3131 665 3231 spectacula
680 3132 845 3206 universa
858 3129 1011 3203 Graecia.
1062 3128 1135 3201 Die
1151 3130 1285 3204 mensis

87 3259 220 3336 decimo
238 3273 342 3337 sexto
354 3259 549 3336 victoribus
566 3262 710 3360 praemia
729 3259 1012 3332 decernebantur
1028 3281 1091 3355 per
1107 3257 1284 3332 Hellano-

88 3387 184 3464 diras.
240 3391 360 3465 Erant
376 3402 497 3464 autem
514 3413 558 3463 ex
572 3387 720 3464 oleastri
735 3387 855 3461 ramis.
906 3385 1056 3471 Plinius,
1072 3383 1280 3462 lib.xxx1n

88 3541 155 3618 up.
166 3535 206 3594 4.
262 3519 339 3619 Qui
356 3518 465 3594 semel
480 3520 632 3610 vicisset,
647 3520 775 3616 inquit,
792 3518 825 3591 ei
843 3517 1045 3616 erigebatur
1058 3527 1191 3590 statua:
1218 3519 1282 3616 qui

88 3677 164 3728 vero
181 3665 254 3746 ter,
263 3622 305 3728 'ei
318 3652 502 3752 erigebant
515 3663 661 3745 statuas,
679 3653 851 3754 expressis
864 3650 972 3730 etiam
991 3649 1148 3748 ipsorum
1167 3640 1281 3726 memss

89 3777 165 3872 bris,
181 3805 274 3880 quas
288 3781 414 3858 loonas
431 3781 616 3858 vocabant.

965 3879 1178 3974 Bensurcr.
